<?xml version="1.0" encoding="UTF-8"?>
<marc:records xmlns:marc="http://www.loc.gov/MARC21/slim" xmlns:xsi="http://www.w3.org/2001/XMLSchema-instance" xsi:schemaLocation="http://www.loc.gov/MARC21/slim http://www.loc.gov/standards/marcxml/schema/MARC21slim.xsd">
  <marc:record>
    <marc:leader>02869ctm a2200421 i 4500</marc:leader>
    <marc:controlfield tag="001">9970981003503681</marc:controlfield>
    <marc:controlfield tag="005">20220608222807.0</marc:controlfield>
    <marc:controlfield tag="008">160922q14001499fr            000 0 lat d</marc:controlfield>
    <marc:datafield ind1=" " ind2=" " tag="035">
  <marc:subfield code="a">(OCoLC)on1156447406</marc:subfield>
</marc:datafield>
    <marc:datafield ind1=" " ind2=" " tag="035">
  <marc:subfield code="a">(OCoLC)1156447406</marc:subfield>
</marc:datafield>
    <marc:datafield ind1=" " ind2=" " tag="035">
  <marc:subfield code="a">(PU)7098100-penndb-Voyager</marc:subfield>
</marc:datafield>
    <marc:datafield ind1=" " ind2=" " tag="040">
  <marc:subfield code="a">PAU</marc:subfield>
  <marc:subfield code="b">eng</marc:subfield>
  <marc:subfield code="e">dacs</marc:subfield>
  <marc:subfield code="c">PAU</marc:subfield>
</marc:datafield>
    <marc:datafield ind1=" " ind2="9" tag="099">
  <marc:subfield code="a">Ms. Coll. 591</marc:subfield>
  <marc:subfield code="e">Folder 42</marc:subfield>
</marc:datafield>
    <marc:datafield ind1="0" ind2="0" tag="245">
  <marc:subfield code="a">Liturgical manuscript fragment,</marc:subfield>
  <marc:subfield code="f">1400s.</marc:subfield>
</marc:datafield>
    <marc:datafield ind1=" " ind2=" " tag="300">
  <marc:subfield code="a">1</marc:subfield>
  <marc:subfield code="f">item (1 leaf) :</marc:subfield>
  <marc:subfield code="b">parchment ;</marc:subfield>
  <marc:subfield code="c">286 x 50 mm</marc:subfield>
</marc:datafield>
    <marc:datafield ind1=" " ind2=" " tag="336">
  <marc:subfield code="a">text</marc:subfield>
  <marc:subfield code="b">txt</marc:subfield>
  <marc:subfield code="2">rdacontent</marc:subfield>
</marc:datafield>
    <marc:datafield ind1=" " ind2=" " tag="337">
  <marc:subfield code="a">unmediated</marc:subfield>
  <marc:subfield code="b">n</marc:subfield>
  <marc:subfield code="2">rdamedia</marc:subfield>
</marc:datafield>
    <marc:datafield ind1=" " ind2=" " tag="338">
  <marc:subfield code="a">unspecified</marc:subfield>
  <marc:subfield code="b">zu</marc:subfield>
  <marc:subfield code="2">rdacarrier</marc:subfield>
</marc:datafield>
    <marc:datafield ind1="4" ind2=" " tag="510">
  <marc:subfield code="a">Listed in Savage, Elizabeth, Early modern frisket sheets: a regularly updated census, Version 4 (April 2017),</marc:subfield>
  <marc:subfield code="c">p. 60.</marc:subfield>
</marc:datafield>
    <marc:datafield ind1=" " ind2=" " tag="520">
  <marc:subfield code="a">Fragmentary strip from a liturgical manuscript on parchment copied in France in textualis script, probably in the 15th century, cut and used as a printing mask or frisket sheet.  The unidentifiable text on the strip is 22 text lines high, along the inner edge of the former leaf. Areas of the parchment are cut away where characters were to be printed in red. Lines of text in red ink, a byproduct of printing the desired characters in red, are indistinctly visible over the manuscript text on the recto side of the fragment.</marc:subfield>
</marc:datafield>
    <marc:datafield ind1="0" ind2=" " tag="544">
  <marc:subfield code="n">Two other frisket sheets found in the bindings of the same volumes were also offered for sale at Dominic Winter Book Auctions, 2 March 2016, lot 331 (in Savage, Elizabeth, Early modern frisket sheets: a regularly updated census, Version 4 (April 2017), p. 59), and 6 April 2016, lot 247 (now owned by David Nathan-Meister, Savage Census, Version 4 (April 2017), p. 50).</marc:subfield>
</marc:datafield>
    <marc:datafield ind1=" " ind2=" " tag="546">
  <marc:subfield code="a">In Latin.</marc:subfield>
</marc:datafield>
    <marc:datafield ind1="1" ind2=" " tag="561">
  <marc:subfield code="a">Sold by Richard Linenthal, 2016.</marc:subfield>
</marc:datafield>
    <marc:datafield ind1="1" ind2=" " tag="561">
  <marc:subfield code="a">Fragment found in the binding of a folio Greek and Latin Bible in three volumes (Paris: Apud Nicolaum Buon, 1628; Darlow and Moule 4674) during restoration, 1990s.</marc:subfield>
</marc:datafield>
    <marc:datafield ind1="1" ind2=" " tag="561">
  <marc:subfield code="a">Sold at auction at Dominic Winter Book Auctions (South Cerney, England), 6 April 2016, lot 428.</marc:subfield>
</marc:datafield>
    <marc:datafield ind1=" " ind2="0" tag="650">
  <marc:subfield code="a">Printing</marc:subfield>
  <marc:subfield code="x">History</marc:subfield>
  <marc:subfield code="v">Sources.</marc:subfield>
</marc:datafield>
    <marc:datafield ind1=" " ind2="7" tag="650">
  <marc:subfield code="a">History.</marc:subfield>
  <marc:subfield code="2">fast</marc:subfield>
  <marc:subfield code="0">http://id.worldcat.org/fast/958235</marc:subfield>
</marc:datafield>
    <marc:datafield ind1=" " ind2="7" tag="650">
  <marc:subfield code="a">Printing.</marc:subfield>
  <marc:subfield code="2">fast</marc:subfield>
  <marc:subfield code="0">http://id.worldcat.org/fast/1076612</marc:subfield>
</marc:datafield>
    <marc:datafield ind1=" " ind2="7" tag="655">
  <marc:subfield code="a">Fragments (object portions)</marc:subfield>
  <marc:subfield code="2">aat</marc:subfield>
  <marc:subfield code="0">http://vocab.getty.edu/aat/300117130</marc:subfield>
</marc:datafield>
    <marc:datafield ind1=" " ind2="7" tag="655">
  <marc:subfield code="a">Sources.</marc:subfield>
  <marc:subfield code="2">fast</marc:subfield>
  <marc:subfield code="0">http://id.worldcat.org/fast/1423900</marc:subfield>
</marc:datafield>
    <marc:datafield ind1=" " ind2="0" tag="655">
  <marc:subfield code="a">Manuscripts, Medieval.</marc:subfield>
</marc:datafield>
    <marc:datafield ind1=" " ind2="7" tag="655">
  <marc:subfield code="a">Manuscripts, Latin</marc:subfield>
  <marc:subfield code="y">15th century.</marc:subfield>
  <marc:subfield code="2">local</marc:subfield>
</marc:datafield>
    <marc:datafield ind1="0" ind2=" " tag="773">
  <marc:subfield code="t">Manuscript Fragment Collection.</marc:subfield>
  <marc:subfield code="g">Folder 42</marc:subfield>
</marc:datafield>
    <marc:datafield ind1=" " ind2=" " tag="852">
  <marc:subfield code="b">Kislak Center for Special Collections, Rare Books and Manuscripts</marc:subfield>
  <marc:subfield code="a">University of Pennsylvania</marc:subfield>
  <marc:subfield code="e">3420 Walnut Street, Philadelphia, Pennsylvania 19104-6206.</marc:subfield>
  <marc:subfield code="j">Ms. Coll. 591</marc:subfield>
</marc:datafield>
    <marc:datafield ind1="4" ind2="1" tag="856">
  <marc:subfield code="z">Digital facsimile for browsing (Colenda)</marc:subfield>
  <marc:subfield code="u">https://colenda.library.upenn.edu/catalog/81431-p30000367</marc:subfield>
</marc:datafield>
    <marc:datafield ind1=" " ind2=" " tag="902">
  <marc:subfield code="a">MARCIVE 2022</marc:subfield>
</marc:datafield>
    <marc:datafield ind1=" " ind2=" " tag="996">
  <marc:subfield code="a">unbound</marc:subfield>
</marc:datafield>
    <marc:datafield ind1=" " ind2=" " tag="999">
  <marc:subfield code="a">DLA</marc:subfield>
  <marc:subfield code="b">20180905</marc:subfield>
</marc:datafield>
    <marc:holdings>
      <marc:holding>
        <marc:holding_id>22351357670003681</marc:holding_id>
        <marc:call_number>Ms. Coll. 591 Folder 42</marc:call_number>
        <marc:library>KislakCntr</marc:library>
        <marc:location>scmss</marc:location>
      </marc:holding>
    </marc:holdings>
  </marc:record>
</marc:records>
